@article{Anais,Walby:2016,
  title={Secrecy, publicity, and the bomb: Nuclear publics and objects of the Nevada Test Site, 1951–1992},
  url = {https://www.tandfonline.com/doi/full/10.1080/09502386.2015.1113553?scroll=top&needAccess=true&role=tab}
  author={Seantel Anais, Kevin Walby},
  journal={Cultural Studies,Volume 30, 2016},
  year={2016},
  publisher={Cultural Studies}


@article{M.Kristensen,S.Norris:2016
	Author = {Robert S. Norris, Hans M. Kristensen},
	Title = {Nuclear Notebook: Worldwide Deployments of Nuclear Weapons, 2009}
	url = {https://journals.sagepub.com/doi/full/10.2968/065006010},
	Year = {2009}


@article{Adushkin,Khristoforov:2004
	author = {V. V. Adushkin, B. D. Khristoforov },
	journal = {Combustion, Explosion and Shock Waves},
	title = {Craters of Large‐Scale Surface Explosions},
	volume = {40},
	url = {https://link.springer.com/article/10.1023/B:CESW.0000048270.62239.01}
	pages = {674-678}
	year = 2004}


@article{Bergkvist, Ferm:2000,
	author = {Nils-Olov Bergkvist, Ragnhild Ferm},
	journal = {SIPRI},
	number = {E60011},
	title = {Nuclear Explosions 1945 -1998},
	year = {2000}
	url = {https://github.com/data-is-plural/nuclear-explosions/blob/master/documents/sipri-report-original.pdf}
